@BOOK{1987gady.book.....B,
       author = {{Binney}, James and {Tremaine}, Scott},
        title = "{Galactic dynamics}",
         year = "1987",
       adsurl = {https://ui.adsabs.harvard.edu/abs/1987gady.book.....B},
      adsnote = {Provided by the SAO/NASA Astrophysics Data System}
}

@ARTICLE{2014PASA...31...35D,
       author = {{Dobbs}, Clare and {Baba}, Junichi},
        title = "{Dawes Review 4: Spiral Structures in Disc Galaxies}",
      journal = {\pasa},
     keywords = {galaxies: spiral, galaxies: kinematics and dynamics, galaxies: structure, galaxies: star formation, Astrophysics - Astrophysics of Galaxies},
         year = "2014",
        month = "Sep",
       volume = {31},
          eid = {e035},
        pages = {e035},
          doi = {10.1017/pasa.2014.31},
archivePrefix = {arXiv},
       eprint = {1407.5062},
 primaryClass = {astro-ph.GA},
       adsurl = {https://ui.adsabs.harvard.edu/abs/2014PASA...31...35D},
      adsnote = {Provided by the SAO/NASA Astrophysics Data System}
}
@ARTICLE{1964ApJ...140..646L,
       author = {{Lin}, C.~C. and {Shu}, Frank H.},
        title = "{On the Spiral Structure of Disk Galaxies.}",
      journal = {\apj},
         year = "1964",
        month = "Aug",
       volume = {140},
        pages = {646},
          doi = {10.1086/147955},
       adsurl = {https://ui.adsabs.harvard.edu/abs/1964ApJ...140..646L},
      adsnote = {Provided by the SAO/NASA Astrophysics Data System}
}
@PHDTHESIS{2015PhDT........14D,
       author = {{Davis}, Benjamin},
        title = "{Logarithmic Spiral Arm Pitch Angle of Spiral Galaxies: Measurement and Relationship to Galactic Structure and Nuclear Supermassive Black Hole Mass}",
     keywords = {Physics, Astrophysics;Physics, Astronomy and Astrophysics},
       school = {University of Arkansas},
         year = "2015",
        month = "Jan",
       adsurl = {https://ui.adsabs.harvard.edu/abs/2015PhDT........14D},
      adsnote = {Provided by the SAO/NASA Astrophysics Data System}
}
@ARTICLE{2014ApJ...790...87D,
       author = {{Davis}, Darren R. and {Hayes}, Wayne B.},
        title = "{SpArcFiRe: Scalable Automated Detection of Spiral Galaxy Arm Segments}",
      journal = {\apj},
     keywords = {galaxies: fundamental parameters, galaxies: spiral, galaxies: structure, methods: data analysis, methods: observational, techniques: image processing, Astrophysics - Astrophysics of Galaxies, Astrophysics - Cosmology and Nongalactic Astrophysics},
         year = "2014",
        month = "Aug",
       volume = {790},
       number = {2},
          eid = {87},
        pages = {87},
          doi = {10.1088/0004-637X/790/2/87},
archivePrefix = {arXiv},
       eprint = {1402.1910},
 primaryClass = {astro-ph.GA},
       adsurl = {https://ui.adsabs.harvard.edu/abs/2014ApJ...790...87D},
      adsnote = {Provided by the SAO/NASA Astrophysics Data System}
}
@ARTICLE{2019ApJ...871..194Y,
       author = {{Yu}, Si-Yue and {Ho}, Luis C.},
        title = "{On the Connection between Spiral Arm Pitch Angle and Galaxy Properties}",
      journal = {\apj},
     keywords = {galaxies: kinematics and dynamics, galaxies: photometry, galaxies: spiral, galaxies: structure},
         year = "2019",
        month = "Feb",
       volume = {871},
       number = {2},
          eid = {194},
        pages = {194},
          doi = {10.3847/1538-4357/aaf895},
       adsurl = {https://ui.adsabs.harvard.edu/abs/2019ApJ...871..194Y},
      adsnote = {Provided by the SAO/NASA Astrophysics Data System}
}
@ARTICLE{2019MNRAS.487.1808M,
       author = {{Masters}, Karen L. and {Lintott}, Chris J. and {Hart}, Ross E. and
         {Kruk}, Sandor J. and {Smethurst}, Rebecca J. and {Casteels}, Kevin V. and
         {Keel}, William C. and {Simmons}, Brooke D. and {Stanescu}, Dennis O. and
         {Tate}, Jean and {Tomi}, Satoshi},
        title = "{Galaxy Zoo: unwinding the winding problem - observations of spiral bulge prominence and arm pitch angles suggest local spiral galaxies are winding}",
      journal = {\mnras},
     keywords = {galaxies: bulges, galaxies: spiral, galaxies: structure, Astrophysics - Astrophysics of Galaxies},
         year = "2019",
        month = "Aug",
       volume = {487},
       number = {2},
        pages = {1808-1820},
          doi = {10.1093/mnras/stz1153},
archivePrefix = {arXiv},
       eprint = {1904.11436},
 primaryClass = {astro-ph.GA},
       adsurl = {https://ui.adsabs.harvard.edu/abs/2019MNRAS.487.1808M},
      adsnote = {Provided by the SAO/NASA Astrophysics Data System}
}
@ARTICLE{2017MNRAS.472.2263H,
       author = {{Hart}, Ross E. and {Bamford}, Steven P. and {Hayes}, Wayne B. and
         {Cardamone}, Carolin N. and {Keel}, William C. and {Kruk}, Sandor J. and
         {Lintott}, Chris J. and {Masters}, Karen L. and {Simmons}, Brooke D. and
         {Smethurst}, Rebecca J.},
        title = "{Galaxy Zoo and SPARCFIRE: constraints on spiral arm formation mechanisms from spiral arm number and pitch angles}",
      journal = {\mnras},
     keywords = {methods: data analysis, galaxies: general, galaxies: spiral, galaxies: structure, Astrophysics - Astrophysics of Galaxies},
         year = "2017",
        month = "Dec",
       volume = {472},
       number = {2},
        pages = {2263-2279},
          doi = {10.1093/mnras/stx2137},
archivePrefix = {arXiv},
       eprint = {1708.04628},
 primaryClass = {astro-ph.GA},
       adsurl = {https://ui.adsabs.harvard.edu/abs/2017MNRAS.472.2263H},
      adsnote = {Provided by the SAO/NASA Astrophysics Data System}
}
@ARTICLE{2019arXiv190804246D,
       author = {{D{\'\i}az-Garc{\'\i}a}, Sim{\'o}n and {Salo}, Heikki and
         {Knapen}, Johan H. and {Herrera-Endoqui}, Mart{\'\i}n},
        title = "{The shapes of spiral arms in the S$^4$G survey and their connection with stellar bars}",
      journal = {arXiv e-prints},
     keywords = {Astrophysics - Astrophysics of Galaxies},
         year = "2019",
        month = "Aug",
          eid = {arXiv:1908.04246},
        pages = {arXiv:1908.04246},
archivePrefix = {arXiv},
       eprint = {1908.04246},
 primaryClass = {astro-ph.GA},
       adsurl = {https://ui.adsabs.harvard.edu/abs/2019arXiv190804246D},
      adsnote = {Provided by the SAO/NASA Astrophysics Data System}
}

@ARTICLE{2019arXiv190910291P,
       author = {{Pringle}, J.~E. and {Dobbs}, C.~L.},
        title = "{The evolution of pitch angles of spiral arms}",
      journal = {arXiv e-prints},
     keywords = {Astrophysics - Astrophysics of Galaxies},
         year = "2019",
        month = "Sep",
          eid = {arXiv:1909.10291},
        pages = {arXiv:1909.10291},
archivePrefix = {arXiv},
       eprint = {1909.10291},
 primaryClass = {astro-ph.GA},
       adsurl = {https://ui.adsabs.harvard.edu/abs/2019arXiv190910291P},
      adsnote = {Provided by the SAO/NASA Astrophysics Data System}
}

@ARTICLE{2004ARA&A..42..603K,
       author = {{Kormendy}, John and {Kennicutt}, Robert C., Jr.},
        title = "{Secular Evolution and the Formation of Pseudobulges in Disk Galaxies}",
      journal = {\araa},
     keywords = {Astrophysics},
         year = "2004",
        month = "Sep",
       volume = {42},
       number = {1},
        pages = {603-683},
          doi = {10.1146/annurev.astro.42.053102.134024},
archivePrefix = {arXiv},
       eprint = {astro-ph/0407343},
 primaryClass = {astro-ph},
       adsurl = {https://ui.adsabs.harvard.edu/abs/2004ARA&A..42..603K},
      adsnote = {Provided by the SAO/NASA Astrophysics Data System}
}
@ARTICLE{2005MNRAS.359.1065S,
       author = {{Seigar}, M.~S. and {Block}, D.~L. and {Puerari}, I. and
         {Chorney}, N.~E. and {James}, P.~A.},
        title = "{Dust-penetrated arm classes: insights from rising and falling rotation curves}",
      journal = {\mnras},
     keywords = {galaxies: fundamental parameters, galaxies: spiral, galaxies: structure, infrared: galaxies, Astrophysics},
         year = "2005",
        month = "May",
       volume = {359},
       number = {3},
        pages = {1065-1076},
          doi = {10.1111/j.1365-2966.2005.08970.x},
archivePrefix = {arXiv},
       eprint = {astro-ph/0502587},
 primaryClass = {astro-ph},
       adsurl = {https://ui.adsabs.harvard.edu/abs/2005MNRAS.359.1065S},
      adsnote = {Provided by the SAO/NASA Astrophysics Data System}
}
@ARTICLE{1966ApJ...146..810J,
       author = {{Julian}, William H. and {Toomre}, Alar},
        title = "{Non-Axisymmetric Responses of Differentially Rotating Disks of Stars}",
      journal = {\apj},
         year = "1966",
        month = "Dec",
       volume = {146},
        pages = {810},
          doi = {10.1086/148957},
       adsurl = {https://ui.adsabs.harvard.edu/abs/1966ApJ...146..810J},
      adsnote = {Provided by the SAO/NASA Astrophysics Data System}
}
@INPROCEEDINGS{2011hsa6.conf..548R,
       author = {{Romero-Gomez}, M. and {Athanassoula}, E. and {Antoja}, T. and
         {Figueras}, F.},
        title = "{Kinematics of the Milky Way spiral arms driven by the invariant manifolds}",
    booktitle = {Highlights of Spanish Astrophysics VI},
         year = "2011",
       editor = {{Zapatero Osorio}, M.~R. and {Gorgas}, J. and
         {Ma{\'\i}z Apell{\'a}niz}, J. and {Pardo}, J.~R. and {Gil de Paz}, A.},
        month = "Nov",
        pages = {548-548},
       adsurl = {https://ui.adsabs.harvard.edu/abs/2011hsa6.conf..548R},
      adsnote = {Provided by the SAO/NASA Astrophysics Data System}
}

@ARTICLE{2008MNRAS.389.1179L,
       author = {{Lintott}, Chris J. and {Schawinski}, Kevin and {Slosar}, An{\v{z}}e and
         {Land}, Kate and {Bamford}, Steven and {Thomas}, Daniel and
         {Raddick}, M. Jordan and {Nichol}, Robert C. and {Szalay}, Alex and
         {Andreescu}, Dan and {Murray}, Phil and {Vandenberg}, Jan},
        title = "{Galaxy Zoo: morphologies derived from visual inspection of galaxies from the Sloan Digital Sky Survey}",
      journal = {\mnras},
     keywords = {methods: data analysis, galaxies: elliptical and lenticular, cD, galaxies: general, galaxies: spiral, Astrophysics},
         year = "2008",
        month = "Sep",
       volume = {389},
       number = {3},
        pages = {1179-1189},
          doi = {10.1111/j.1365-2966.2008.13689.x},
archivePrefix = {arXiv},
       eprint = {0804.4483},
 primaryClass = {astro-ph},
       adsurl = {https://ui.adsabs.harvard.edu/abs/2008MNRAS.389.1179L},
      adsnote = {Provided by the SAO/NASA Astrophysics Data System}
}

@ARTICLE{2011ApJ...737...32E,
       author = {{Elmegreen}, Debra Meloy and {Elmegreen}, Bruce G. and {Yau}, Andrew and
         {Athanassoula}, E. and {Bosma}, Albert and {Buta}, Ronald J. and
         {Helou}, George and {Ho}, Luis C. and {Gadotti}, Dimitri A. and
         {Knapen}, Johan H. and {Laurikainen}, Eija and {Madore}, Barry F. and
         {Masters}, Karen L. and {Meidt}, Sharon E. and
         {Men{\'e}ndez-Delmestre}, Kar{\'\i}n and {Regan}, Michael W. and
         {Salo}, Heikki and {Sheth}, Kartik and {Zaritsky}, Dennis and
         {Aravena}, Manuel and {Skibba}, Ramin and {Hinz}, Joannah L. and
         {Laine}, Jarkko and {Gil de Paz}, Armando and
         {Mu{\~n}oz-Mateos}, Juan-Carlos and {Seibert}, Mark and
         {Mizusawa}, Trisha and {Kim}, Taehyun and {Erroz Ferrer}, Santiago},
        title = "{Grand Design and Flocculent Spirals in the Spitzer Survey of Stellar Structure in Galaxies (S$^{4}$G)}",
      journal = {\apj},
     keywords = {galaxies: photometry, galaxies: spiral, galaxies: structure, infrared: galaxies, Astrophysics - Astrophysics of Galaxies},
         year = "2011",
        month = "Aug",
       volume = {737},
       number = {1},
          eid = {32},
        pages = {32},
          doi = {10.1088/0004-637X/737/1/32},
archivePrefix = {arXiv},
       eprint = {1106.4840},
 primaryClass = {astro-ph.GA},
       adsurl = {https://ui.adsabs.harvard.edu/abs/2011ApJ...737...32E},
      adsnote = {Provided by the SAO/NASA Astrophysics Data System}
}

@ARTICLE{2015yCat..22170032B,
       author = {{Buta}, R.~J. and {Sheth}, K. and {Athanassoula}, E. and {Bosma}, A. and
         {Knapen}, J.~H. and {Laurikainen}, E. and {Salo}, H. and
         {Elmegreen}, D. and {Ho}, L.~C. and {Zaritsky}, D. and {Courtois}, H. and
         {Hinz}, J.~L. and {Munoz-Mateos}, J. -C. and {Kim}, T. and
         {Regan}, M.~W. and {Gadotti}, D.~A. and {Gil de Paz}, A. and
         {Laine}, J. and {Menendez-Delmestre}, K. and {Comeron}, S. and
         {Erroz-Ferrer}, S. and {Seibert}, M. and {Mizusawa}, T. and
         {Holwerda}, B. and {Madore}, B.~F.},
        title = "{VizieR Online Data Catalog: S4G galaxy morphologies in the CVRHS system (Buta+, 2015)}",
      journal = {VizieR Online Data Catalog},
     keywords = {Galaxies: IR, Morphology, Surveys},
         year = "2015",
        month = "May",
          eid = {J/ApJS/217/32},
        pages = {J/ApJS/217/32},
       adsurl = {https://ui.adsabs.harvard.edu/abs/2015yCat..22170032B},
      adsnote = {Provided by the SAO/NASA Astrophysics Data System}
}

@ARTICLE{2015A&A...582A..86H,
       author = {{Herrera-Endoqui}, M. and {D{\'\i}az-Garc{\'\i}a}, S. and
         {Laurikainen}, E. and {Salo}, H.},
        title = "{Catalogue of the morphological features in the Spitzer Survey of Stellar Structure in Galaxies (S$^{4}$G)}",
      journal = {\aap},
     keywords = {atlases, catalogs, galaxies: statistics, galaxies: structure, Astrophysics - Astrophysics of Galaxies},
         year = "2015",
        month = "Oct",
       volume = {582},
          eid = {A86},
        pages = {A86},
          doi = {10.1051/0004-6361/201526047},
archivePrefix = {arXiv},
       eprint = {1509.05328},
 primaryClass = {astro-ph.GA},
       adsurl = {https://ui.adsabs.harvard.edu/abs/2015A&A...582A..86H},
      adsnote = {Provided by the SAO/NASA Astrophysics Data System}
}
@ARTICLE{2009MNRAS.400.1706A,
       author = {{Athanassoula}, E. and {Romero-G{\'o}mez}, M. and {Bosma}, A. and
         {Masdemont}, J.~J.},
        title = "{Rings and spirals in barred galaxies - II. Ring and spiral morphology}",
      journal = {\mnras},
     keywords = {stellar dynamics, galaxies: kinematics and dynamics, galaxies: spiral, galaxies: structure, Astrophysics - Cosmology and Nongalactic Astrophysics, Astrophysics - Astrophysics of Galaxies},
         year = "2009",
        month = "Dec",
       volume = {400},
       number = {4},
        pages = {1706-1720},
          doi = {10.1111/j.1365-2966.2009.15583.x},
archivePrefix = {arXiv},
       eprint = {0910.0757},
 primaryClass = {astro-ph.CO},
       adsurl = {https://ui.adsabs.harvard.edu/abs/2009MNRAS.400.1706A},
      adsnote = {Provided by the SAO/NASA Astrophysics Data System}
}
@ARTICLE{2010AJ....139.2097P,
       author = {{Peng}, Chien Y. and {Ho}, Luis C. and {Impey}, Chris D. and
         {Rix}, Hans-Walter},
        title = "{Detailed Decomposition of Galaxy Images. II. Beyond Axisymmetric Models}",
      journal = {\aj},
     keywords = {galaxies: bulges, galaxies: fundamental parameters, galaxies: structure, techniques: image processing, techniques: photometric, Astrophysics - Cosmology and Nongalactic Astrophysics},
         year = "2010",
        month = "Jun",
       volume = {139},
       number = {6},
        pages = {2097-2129},
          doi = {10.1088/0004-6256/139/6/2097},
archivePrefix = {arXiv},
       eprint = {0912.0731},
 primaryClass = {astro-ph.CO},
       adsurl = {https://ui.adsabs.harvard.edu/abs/2010AJ....139.2097P},
      adsnote = {Provided by the SAO/NASA Astrophysics Data System}
}
